<?xml version="1.0"?>
<collection xmlns="http://www.loc.gov/MARC21/slim">
  <record>
    <leader>02437cam a2200505 a 4500</leader>
    <controlfield tag="001">5110008800</controlfield>
    <controlfield tag="003">CaSfIA</controlfield>
    <controlfield tag="005">20160511143701.0</controlfield>
    <controlfield tag="007">cr||||||||||||</controlfield>
    <controlfield tag="008">031110s2004    abca   f     s000 0 ukro </controlfield>
    <datafield tag="016" ind1=" " ind2=" ">
      <subfield code="a">20039067084</subfield>
    </datafield>
    <datafield tag="020" ind1=" " ind2=" ">
      <subfield code="a">189538043X</subfield>
    </datafield>
    <datafield tag="020" ind1=" " ind2=" ">
      <subfield code="a">9781895380439</subfield>
    </datafield>
    <datafield tag="035" ind1=" " ind2=" ">
      <subfield code="a">ocm53793955</subfield>
    </datafield>
    <datafield tag="040" ind1=" " ind2=" ">
      <subfield code="a">NLC</subfield>
      <subfield code="b">eng</subfield>
      <subfield code="c">NLC</subfield>
      <subfield code="d">OCLCF</subfield>
      <subfield code="d">OCLCO</subfield>
      <subfield code="d">OCLCQ</subfield>
      <subfield code="d">OCLCO</subfield>
      <subfield code="d">OCL</subfield>
      <subfield code="d">LTSCA</subfield>
      <subfield code="d">AEU</subfield>
      <subfield code="d">CaSfIA</subfield>
    </datafield>
    <datafield tag="041" ind1="0" ind2=" ">
      <subfield code="a">ukr</subfield>
      <subfield code="b">eng</subfield>
    </datafield>
    <datafield tag="050" ind1=" " ind2="4">
      <subfield code="a">PG3825</subfield>
      <subfield code="b">.I227 2004</subfield>
    </datafield>
    <datafield tag="055" ind1=" " ind2="1">
      <subfield code="a">PG3825</subfield>
    </datafield>
    <datafield tag="055" ind1="0" ind2="7">
      <subfield code="a">COP.AL.2.2004-270</subfield>
    </datafield>
    <datafield tag="082" ind1="0" ind2="4">
      <subfield code="a">491.7/986421</subfield>
      <subfield code="2">22</subfield>
    </datafield>
    <datafield tag="090" ind1=" " ind2=" ">
      <subfield code="a">PG 3825 I227 2004</subfield>
      <subfield code="b">AEU</subfield>
    </datafield>
    <datafield tag="100" ind1="1" ind2=" ">
      <subfield code="6">880-01</subfield>
      <subfield code="a">I&#x361;Aremko, Halyna.</subfield>
    </datafield>
    <datafield tag="245" ind1="1" ind2="0">
      <subfield code="h">[electronic resource] </subfield>
      <subfield code="6">880-02</subfield>
      <subfield code="a">Nova 5 :</subfield>
      <subfield code="b">vpravy do navchal&#x2B9;nykh rozdiliv 1-10 /</subfield>
      <subfield code="c">napysaly Hali&#x361;a I&#x361;Aremko, Iryna Tarnavs&#x2B9;ka.</subfield>
    </datafield>
    <datafield tag="260" ind1=" " ind2=" ">
      <subfield code="6">880-03</subfield>
      <subfield code="a">Edmonton :</subfield>
      <subfield code="b">Metodychny&#x12D; kabinet ukra&#xEF;ns&#x2B9;ko&#xEF; movy, Kanads&#x2B9;ky&#x12D; instytut ukra&#xEF;ns&#x2B9;kykh studi&#x12D;, Al&#x2B9;berts&#x2B9;ky&#x12D; universytet,</subfield>
      <subfield code="c">c2004.</subfield>
    </datafield>
    <datafield tag="300" ind1=" " ind2=" ">
      <subfield code="a">1 volume (various pagings) :</subfield>
      <subfield code="b">illustrations ;</subfield>
      <subfield code="c">28 cm.</subfield>
    </datafield>
    <datafield tag="336" ind1=" " ind2=" ">
      <subfield code="a">text</subfield>
      <subfield code="b">txt</subfield>
      <subfield code="2">rdacontent</subfield>
    </datafield>
    <datafield tag="337" ind1=" " ind2=" ">
      <subfield code="a">unmediated</subfield>
      <subfield code="b">n</subfield>
      <subfield code="2">rdamedia</subfield>
    </datafield>
    <datafield tag="338" ind1=" " ind2=" ">
      <subfield code="a">volume</subfield>
      <subfield code="b">nc</subfield>
      <subfield code="2">rdacarrier</subfield>
    </datafield>
    <datafield tag="500" ind1=" " ind2=" ">
      <subfield code="6">880-04</subfield>
      <subfield code="a">"Nova : prohrama navchanni&#x361;a ukra&#xEF;ns&#x2B9;ko&#xEF; movy."</subfield>
    </datafield>
    <datafield tag="500" ind1=" " ind2=" ">
      <subfield code="a">Title romanized.</subfield>
    </datafield>
    <datafield tag="546" ind1=" " ind2=" ">
      <subfield code="a">Text in Ukrainian; includes some text in English.</subfield>
    </datafield>
    <datafield tag="590" ind1=" " ind2=" ">
      <subfield code="a">Approved for use in Alberta schools.</subfield>
    </datafield>
    <datafield tag="596" ind1=" " ind2=" ">
      <subfield code="a">41</subfield>
    </datafield>
    <datafield tag="650" ind1=" " ind2="0">
      <subfield code="a">Ukrainian language</subfield>
      <subfield code="v">Problems, exercises, etc.</subfield>
    </datafield>
    <datafield tag="650" ind1=" " ind2="5">
      <subfield code="a">Ukrainian language</subfield>
      <subfield code="x">Study and teaching as a second language (Primary)</subfield>
    </datafield>
    <datafield tag="650" ind1=" " ind2="5">
      <subfield code="a">Ukrainian language</subfield>
      <subfield code="v">Textbooks for second language learners</subfield>
      <subfield code="x">English speakers.</subfield>
    </datafield>
    <datafield tag="700" ind1="1" ind2=" ">
      <subfield code="6">880-05</subfield>
      <subfield code="a">Tarnawsky, Irena.</subfield>
    </datafield>
    <datafield tag="710" ind1="2" ind2=" ">
      <subfield code="a">Ukrainian Language Resource Centre.</subfield>
    </datafield>
    <datafield tag="710" ind1="1" ind2=" ">
      <subfield code="a">Alberta.</subfield>
      <subfield code="b">Alberta Learning.</subfield>
    </datafield>
    <datafield tag="856" ind1="4" ind2="1">
      <subfield code="u">http://archive.org/details/5110008800</subfield>
      <subfield code="z">Free eBook from the Internet Archive</subfield>
    </datafield>
    <datafield tag="856" ind1="4" ind2="2">
      <subfield code="u">http://www.openlibrary.org/books/OL25916158M</subfield>
      <subfield code="z">Additional information and access via Open Library</subfield>
    </datafield>
    <datafield tag="880" ind1="1" ind2=" ">
      <subfield code="6">100-01</subfield>
      <subfield code="a">&#x42F;&#x440;&#x435;&#x43C;&#x43A;&#x43E;, &#x413;&#x430;&#x43B;&#x438;&#x43D;&#x430;.</subfield>
    </datafield>
    <datafield tag="880" ind1="1" ind2="0">
      <subfield code="6">245-02</subfield>
      <subfield code="a">&#x41D;&#x43E;&#x432;&#x430; 5 :</subfield>
      <subfield code="b">&#x432;&#x43F;&#x440;&#x430;&#x432;&#x438; &#x434;&#x43E; &#x43D;&#x430;&#x432;&#x447;&#x430;&#x43B;&#x44C;&#x43D;&#x438;&#x445; &#x440;&#x43E;&#x437;&#x434;&#x456;&#x43B;&#x456;&#x432; 1-10 /</subfield>
      <subfield code="c">&#x43D;&#x430;&#x43F;&#x438;&#x441;&#x430;&#x43B;&#x438; &#x413;&#x430;&#x43B;&#x44F; &#x42F;&#x440;&#x435;&#x43C;&#x43A;&#x43E;, &#x406;&#x440;&#x438;&#x43D;&#x430; &#x422;&#x430;&#x440;&#x43D;&#x430;&#x432;&#x441;&#x44C;&#x43A;&#x430;.</subfield>
    </datafield>
    <datafield tag="880" ind1=" " ind2=" ">
      <subfield code="6">260-03</subfield>
      <subfield code="a">&#x415;&#x434;&#x43C;&#x43E;&#x43D;&#x442;&#x43E;&#x43D; :</subfield>
      <subfield code="b">&#x41C;&#x435;&#x442;&#x43E;&#x434;&#x438;&#x447;&#x43D;&#x438;&#x439; &#x43A;&#x430;&#x431;&#x456;&#x43D;&#x435;&#x442; &#x443;&#x43A;&#x440;&#x430;&#x457;&#x43D;&#x441;&#x44C;&#x43A;&#x43E;&#x457; &#x43C;&#x43E;&#x432;&#x438;, &#x41A;&#x430;&#x43D;&#x430;&#x434;&#x441;&#x44C;&#x43A;&#x438;&#x439; &#x456;&#x43D;&#x441;&#x442;&#x438;&#x442;&#x443;&#x442; &#x443;&#x43A;&#x440;&#x430;&#x457;&#x43D;&#x441;&#x44C;&#x43A;&#x438;&#x445; &#x441;&#x442;&#x443;&#x434;&#x456;&#x439;, &#x410;&#x43B;&#x44C;&#x431;&#x435;&#x440;&#x442;&#x441;&#x44C;&#x43A;&#x438;&#x439; &#x443;&#x43D;&#x456;&#x432;&#x435;&#x440;&#x441;&#x438;&#x442;&#x435;&#x442;,</subfield>
      <subfield code="c">c2004.</subfield>
    </datafield>
    <datafield tag="880" ind1=" " ind2=" ">
      <subfield code="6">500-04</subfield>
      <subfield code="a">"&#x41D;&#x43E;&#x432;&#x430; : &#x43F;&#x440;&#x43E;&#x433;&#x440;&#x430;&#x43C;&#x430; &#x43D;&#x430;&#x432;&#x447;&#x430;&#x43D;&#x43D;&#x44F; &#x443;&#x43A;&#x440;&#x430;&#x457;&#x43D;&#x441;&#x44C;&#x43A;&#x43E;&#x457; &#x43C;&#x43E;&#x432;&#x438;."</subfield>
    </datafield>
    <datafield tag="880" ind1="1" ind2=" ">
      <subfield code="6">700-05</subfield>
      <subfield code="a">&#x422;&#x430;&#x440;&#x43D;&#x430;&#x432;&#x441;&#x44C;&#x43A;&#x430;, &#x406;&#x440;&#x438;&#x43D;&#x430;.</subfield>
    </datafield>
  </record>
</collection>
